@article{nejm_sample,
  author = {Smith, John and Wang, Li},
  title = {A Sample Article in NEJM Style},
  journal = {New England Journal of Medicine},
  year = {2022},
  volume = {386},
  number = {5},
  pages = {123-130},
  doi = {10.1056/NEJMms2201556}
}
